@article {lieb,
    AUTHOR = {Lieb, Elliott H. and Loss, Michael},
     TITLE = {Fluxes, {L}aplacians, and {K}asteleyn's theorem},
   JOURNAL = {Duke Math. J.},
  FJOURNAL = {Duke Mathematical Journal},
    VOLUME = {71},
      YEAR = {1993},
    NUMBER = {2},
     PAGES = {337--363},
      ISSN = {0012-7094},
   MRCLASS = {81V10 (05C35 81V70 82D35)},
  MRNUMBER = {1233440},
MRREVIEWER = {Peter J. Forrester},
       DOI = {10.1215/S0012-7094-93-07114-1},
       URL = {https://doi.org/10.1215/S0012-7094-93-07114-1},
}

@article {lange,
    AUTHOR = {Lange, Carsten and Liu, Shiping and Peyerimhoff, Norbert and
              Post, Olaf},
     TITLE = {Frustration index and {C}heeger inequalities for discrete and
              continuous magnetic {L}aplacians},
   JOURNAL = {Calc. Var. Partial Differential Equations},
  FJOURNAL = {Calculus of Variations and Partial Differential Equations},
    VOLUME = {54},
      YEAR = {2015},
    NUMBER = {4},
     PAGES = {4165--4196},
      ISSN = {0944-2669},
   MRCLASS = {05C50 (35P15 35R02 58J50)},
  MRNUMBER = {3426108},
MRREVIEWER = {Veerabhadraiah Lokesha},
       DOI = {10.1007/s00526-015-0935-x},
       URL = {https://doi.org/10.1007/s00526-015-0935-x},
}

@article {harary,
    AUTHOR = {Harary, Frank},
     TITLE = {On the notion of balance of a signed graph},
   JOURNAL = {Michigan Math. J.},
  FJOURNAL = {Michigan Mathematical Journal},
    VOLUME = {2},
      YEAR = {1953/54},
     PAGES = {143--146 (1955)},
      ISSN = {0026-2285},
   MRCLASS = {56.0X},
  MRNUMBER = {67468},
MRREVIEWER = {G. A. Dirac},
       URL = {http://projecteuclid.org/euclid.mmj/1028989917},
}

@article {zaslavsky,
    AUTHOR = {Zaslavsky, Thomas},
     TITLE = {Signed graphs},
   JOURNAL = {Discrete Appl. Math.},
  FJOURNAL = {Discrete Applied Mathematics. The Journal of Combinatorial
              Algorithms, Informatics and Computational Sciences},
    VOLUME = {4},
      YEAR = {1982},
    NUMBER = {1},
     PAGES = {47--74},
      ISSN = {0166-218X},
   MRCLASS = {05C99 (05B35)},
  MRNUMBER = {676405},
MRREVIEWER = {F. Harary},
       DOI = {10.1016/0166-218X(82)90033-6},
       URL = {https://doi.org/10.1016/0166-218X(82)90033-6},
}

@incollection {dodziuk,
    AUTHOR = {Dodziuk, J\'{o}zef and Mathai, Varghese},
     TITLE = {Kato's inequality and asymptotic spectral properties for
              discrete magnetic {L}aplacians},
 BOOKTITLE = {The ubiquitous heat kernel},
    SERIES = {Contemp. Math.},
    VOLUME = {398},
     PAGES = {69--81},
 PUBLISHER = {Amer. Math. Soc., Providence, RI},
      YEAR = {2006},
   MRCLASS = {81Q10 (47B39 47N50)},
  MRNUMBER = {2218014},
MRREVIEWER = {Michael J. Gruber},
       DOI = {10.1090/conm/398/07484},
       URL = {https://doi.org/10.1090/conm/398/07484},
}

@article {shubin,
    AUTHOR = {Shubin, M. A.},
     TITLE = {Discrete magnetic {L}aplacian},
   JOURNAL = {Comm. Math. Phys.},
  FJOURNAL = {Communications in Mathematical Physics},
    VOLUME = {164},
      YEAR = {1994},
    NUMBER = {2},
     PAGES = {259--275},
      ISSN = {0010-3616},
   MRCLASS = {82B10 (39A12 46L60 47N50)},
  MRNUMBER = {1289325},
       URL = {http://projecteuclid.org/euclid.cmp/1104270832},
}

@article {bedos,
    AUTHOR = {B\'{e}dos, Erik},
     TITLE = {An introduction to 3{D} discrete magnetic {L}aplacians and
              noncommutative 3-tori},
   JOURNAL = {J. Geom. Phys.},
  FJOURNAL = {Journal of Geometry and Physics},
    VOLUME = {30},
      YEAR = {1999},
    NUMBER = {3},
     PAGES = {204--232},
      ISSN = {0393-0440},
   MRCLASS = {81R60 (46L60 46L85 47B39 58B34 81Q10 81R15 82B10)},
  MRNUMBER = {1692231},
MRREVIEWER = {Albert Jeu-Liang Sheu},
       DOI = {10.1016/S0393-0440(98)00058-8},
       URL = {https://doi.org/10.1016/S0393-0440(98)00058-8},
}

@inproceedings{jiang,
  title = {Introduction to spectral graph theory},
  author = {Jiang, Jiaqi},
  year = {2012},
  URL = {http://math.uchicago.edu/~may/REU2012/REUPapers/JiangJ.pdf},
}

@article{liu,
author = {Liu, Shiping and Peyerimhoff, Norbert and Vdovina, Alina},
year = {2014},
month = {12},
title = {Signatures, lifts, and eigenvalues of graphs},
URL = {https://arxiv.org/pdf/1412.6841.pdf},
}

@inproceedings{brin,
author = {Brin, Sergey and Page, Lawrence},
title = {The Anatomy of a Large-Scale Hypertextual Web Search Engine},
year = {1998},
publisher = {Elsevier Science Publishers B. V.},
address = {NLD},
booktitle = {Proceedings of the Seventh International Conference on World Wide Web 7},
pages = {107â€“117},
numpages = {11},
keywords = {information retrieval, search engines, PageRank, Google, World Wide Web},
location = {Brisbane, Australia},
series = {WWW7},
URL = "https://snap.stanford.edu/class/cs224w-readings/Brin98Anatomy.pdf"
}

@incollection {pagerankgreen,
    AUTHOR = {Chung, Fan},
     TITLE = {Page{R}ank as a discrete {G}reen's function},
 BOOKTITLE = {Geometry and analysis. {N}o. 1},
    SERIES = {Adv. Lect. Math. (ALM)},
    VOLUME = {17},
     PAGES = {285--302},
 PUBLISHER = {Int. Press, Somerville, MA},
      YEAR = {2011},
   MRCLASS = {68R10 (05C50 05C81 05C90 68M11)},
  MRNUMBER = {2882426},
MRREVIEWER = {Anthony Bonato}
}

@incollection {pagerankrandomwalks,
    AUTHOR = {Chung, Fan and Zhao, Wenbo},
     TITLE = {Page{R}ank and random walks on graphs},
 BOOKTITLE = {Fete of combinatorics and computer science},
    SERIES = {Bolyai Soc. Math. Stud.},
    VOLUME = {20},
     PAGES = {43--62},
 PUBLISHER = {J\'{a}nos Bolyai Math. Soc., Budapest},
      YEAR = {2010},
   MRCLASS = {05C81 (05C90)},
  MRNUMBER = {2797960},
       DOI = {10.1007/978-3-642-13580-4_3},
       URL = {https://doi.org/10.1007/978-3-642-13580-4_3},
}

@article {sparsifyingconnectiongraph,
    AUTHOR = {Chung, Fan and Zhao, Wenbo and Kempton, Mark},
     TITLE = {Ranking and sparsifying a connection graph},
   JOURNAL = {Internet Math.},
  FJOURNAL = {Internet Mathematics},
    VOLUME = {10},
      YEAR = {2014},
    NUMBER = {1-2},
     PAGES = {87--115},
      ISSN = {1542-7951},
   MRCLASS = {91B06 (05C90 94A08 94A12 94A15 94C15)},
  MRNUMBER = {3274541},
       DOI = {10.1080/15427951.2013.800005},
       URL = {https://doi.org/10.1080/15427951.2013.800005},
}